<?xml version="1.0" encoding="UTF-8"?><collection xmlns="http://www.loc.gov/MARC21/slim"><record><leader>00374nam--2200133-i-4500</leader><controlfield tag="001">000032531</controlfield><controlfield tag="002">20161230</controlfield><controlfield tag="005">20161230201039</controlfield><controlfield tag="008">060222s1000------------r-----000-0-eng-d</controlfield><datafield ind1=" " ind2=" " tag="100"><subfield code="a">Margolis, L.J</subfield></datafield><datafield ind1=" " ind2=" " tag="245"><subfield code="a">Markierte atome in der katalyse</subfield></datafield><datafield ind1=" " ind2=" " tag="260"><subfield code="a">Leipzig, Veb Deutscher Verlag Fur Wiss., 1961, 78p., 18 Fig</subfield></datafield><datafield ind1=" " ind2=" " tag="490"><subfield code="a">Kleine Bibliothek Der Kerntechnik</subfield></datafield><datafield ind1=" " ind2=" " tag="852"><subfield code="a">8529</subfield></datafield></record></collection>